@article{lucy1977numerical,
  title={A numerical approach to the testing of the fission hypothesis},
  author={Lucy, Leon B},
  journal={The astronomical journal},
  volume={82},
  pages={1013--1024},
  year={1977}
}
@article{gingold-1977-smoot-partic-hydrod,
  author =       {R. A. Gingold and J. J. Monaghan},
  title =        {Smoothed Particle Hydrodynamics: Theory and
                  Application To Non-Spherical Stars},
  journal =      {Monthly Notices of the Royal Astronomical Society},
  volume =       181,
  number =       3,
  pages =        {375-389},
  year =         1977,
  doi =          {10.1093/mnras/181.3.375},
  url =          {https://doi.org/10.1093/mnras/181.3.375},
  DATE_ADDED =   {Thu Aug 17 19:17:11 2017},
}

@Article{Solenthaler_2009,
  author       = {Solenthaler, B. and Pajarola, R.},
  title        = {Predictive-corrective incompressible SPH},
  year         = 2009,
  doi          = {10.1145/1576246.1531346},
  url          = {http://dx.doi.org/10.1145/1576246.1531346},
  isbn         = 9781605587264,
  journal      = {ACM SIGGRAPH 2009 papers on - SIGGRAPH ’09},
  publisher    = {ACM Press}
}

@inproceedings {Ihmsen_2010,
booktitle = {Workshop in Virtual Reality Interactions and Physical Simulation "VRIPHYS" (2010)},
editor = {Kenny Erleben and Jan Bender and Matthias Teschner},
title = {{Boundary Handling and Adaptive Time-stepping for PCISPH}},
author = {Ihmsen, Markus and Akinci, Nadir and Gissler, Marc and Teschner, Matthias},
year = {2010},
publisher = {The Eurographics Association},
ISBN = {978-3-905673-78-4},
DOI = {10.2312/PE/vriphys/vriphys10/079-088}
}


@Article{Zhang_2016,
author       = {Zhang, Yalan and Ban, Xiaojuan and Wang, Xiaokun and
Liu, Xing},
title        = {The Non-Newtonian Fluid Simulation Based on
Predictive-Corrective Incompressible SPH},
year         = 2016,
month        = {Sep},
doi          = {10.1109/icvrv.2016.20},
url          = {http://dx.doi.org/10.1109/icvrv.2016.20},
isbn         = {978-1-5090-5188-5},
journal      = {2016 International Conference on Virtual Reality and
Visualization (ICVRV)},
publisher    = {IEEE}
}

@article{kiara-2013-sph-incom-part-I,
  author =       {Areti Kiara and Kelli Hendrickson and Dick K.P. Yue},
  title =        {Sph for Incompressible Free-Surface Flows. Part I:
                  Error Analysis of the Basic Assumptions},
  journal =      {Computers \& Fluids},
  volume =       86,
  number =       {nil},
  pages =        {611-624},
  year =         2013,
  doi =          {10.1016/j.compfluid.2013.05.023},
  url =          {https://doi.org/10.1016/j.compfluid.2013.05.023},
  DATE_ADDED =   {Mon Aug 7 10:09:30 2017},
}


@phdthesis{solenthaler-2009-thesis,
  title={Incompressible Fluis Simulation and Advanced Surface Handling with SPH},
  author={Solenthaler, Barbara},
  year={2009},
  school={PhD thesis, Institut f{\"u}r Informatik, Universit{\"a}t Z{\"u}rich, 2009. 1},
  url =          {http://www.kutter-fonds.ethz.ch/App_Themes/default/datalinks/Solenthaler_Barbara_PhD_Abstract.pdf},
  DATE_ADDED =   {Mon Aug 7 01:29:00 2017},
}


@article{monaghan-1992-smoot-partic-hydrod,
  author =       {J. J. Monaghan},
  title =        {Smoothed Particle Hydrodynamics},
  journal =      {Annual Review of Astronomy and Astrophysics},
  volume =       30,
  number =       1,
  pages =        {543-574},
  year =         1992,
  doi =          {10.1146/annurev.aa.30.090192.002551},
  url =          {https://doi.org/10.1146/annurev.aa.30.090192.002551},
  DATE_ADDED =   {Mon Aug 7 15:14:54 2017},
}

@inproceedings{Muller-2003-particle-sph-fluid,
 author = {M\"{u}ller, Matthias and Charypar, David and Gross, Markus},
 title = {Particle-based Fluid Simulation for Interactive Applications},
 booktitle = {Proceedings of the 2003 ACM SIGGRAPH/Eurographics Symposium on Computer Animation},
 series = {SCA '03},
 year = {2003},
 isbn = {1-58113-659-5},
 location = {San Diego, California},
 pages = {154--159},
 numpages = {6},
 url = {http://dl.acm.org/citation.cfm?id=846276.846298},
 acmid = {846298},
 publisher = {Eurographics Association},
 address = {Aire-la-Ville, Switzerland, Switzerland},
}


@article{baraff1997introduction,
  title={An introduction to physically based modeling: Rigid body simulation II—Nonpenetration constraints},
  author={Baraff, David},
  journal={SIGGRAPH course notes},
  pages={D31--D68},
  year={1997},
  File = {/home/dinesh/Dropbox/books/baraff1997introduction.pdf}
}



@inproceedings{becker-2007-weakly-compres-sph,
 author = {Becker, Markus and Teschner, Matthias},
 title = {Weakly Compressible SPH for Free Surface Flows},
 booktitle = {Proceedings of the 2007 ACM SIGGRAPH/Eurographics Symposium on Computer Animation},
 series = {SCA '07},
 year = {2007},
 isbn = {978-1-59593-624-0},
 location = {San Diego, California},
 pages = {209--217},
 numpages = {9},
 url = {http://dl.acm.org/citation.cfm?id=1272690.1272719},
 acmid = {1272719},
 publisher = {Eurographics Association},
 address = {Aire-la-Ville, Switzerland, Switzerland},
 keywords = {Tait equation, fluid dynamics, physically-based simulation, smoothed particle hydrodynamics, surface tension, volume preservation},
}


@article{akinci-2012-versat-rigid,
  author =       {Nadir Akinci and Markus Ihmsen and Gizem Akinci and
                  Barbara Solenthaler and Matthias Teschner},
  title =        {Versatile Rigid-Fluid Coupling for Incompressible
                  Sph},
  journal =      {ACM Transactions on Graphics},
  volume =       31,
  number =       4,
  pages =        {1-8},
  year =         2012,
  doi =          {10.1145/2185520.2185558},
  url =          {https://doi.org/10.1145/2185520.2185558},
  DATE_ADDED =   {Wed Sep 13 15:42:49 2017},
}


@article{guo-2017-sph-model,
  author =       {Kai Guo and Peng-nan Sun and Xue-yan Cao and Xiao
                  Huang},
  title =        {A 3-d Sph Model for Simulating Water Flooding of a
                  Damaged Floating Structure},
  journal =      {Journal of Hydrodynamics, Ser. B},
  volume =       29,
  number =       5,
  pages =        {831-844},
  year =         2017,
  doi =          {10.1016/s1001-6058(16)60795-3},
  url =          {https://doi.org/10.1016/s1001-6058(16)60795-3},
  DATE_ADDED =   {Fri Sep 15 13:12:02 2017},
}


@article{price-2012-smoot-partic,
  author =       {Daniel J. Price},
  title =        {Smoothed Particle Hydrodynamics and
                  Magnetohydrodynamics},
  journal =      {Journal of Computational Physics},
  volume =       231,
  number =       3,
  pages =        {759-794},
  year =         2012,
  doi =          {10.1016/j.jcp.2010.12.011},
  url =          {https://doi.org/10.1016/j.jcp.2010.12.011},
  DATE_ADDED =   {Thu Nov 16 12:21:09 2017},
}

@phdthesis{price-2004-magnet-astrop,
  DATE_ADDED =   {Sun Nov 19 17:09:41 2017},
  author =       {Daniel James Price},
  school =       {Institute of Astronomy \& Churchill College,
                  University of Cambridge},
  title =        {Magnetic fields in Astrophysics},
  url =
                  {http://users.monash.edu.au/~dprice/pubs/thesis/price_PhD.pdf},
  year =         2004,
}


@article{bender-2017-diver-free,
  author =       {Jan Bender and Dan Koschier},
  title =        {Divergence-Free Sph for Incompressible and Viscous
                  Fluids},
  journal =      {IEEE Transactions on Visualization and Computer
                  Graphics},
  volume =       23,
  number =       3,
  pages =        {1193-1206},
  year =         2017,
  doi =          {10.1109/tvcg.2016.2578335},
  url =          {https://doi.org/10.1109/tvcg.2016.2578335},
  DATE_ADDED =   {Tue Nov 21 10:16:22 2017},
}

@phdthesis{allah2012improved,
  title={An improved incompressible smoothed particle hydrodynamics to simulate fluid-soil-structure interactions},
  author={Allah, Abdelraheem Mahmoud Aly Abd},
  year={2012},
  url={http://cfd.mace.manchester.ac.uk/sph/SPH_PhDs/2012/Abdulraheen_Mahmoud_Aly_PhD_Thesis_2012.pdf},
  school={Kyushu University}
}

@phdthesis{ihmsenparticle,
  title={Particle-based simulation of large bodies of Water with bubbles, spray and foam},
  author={Ihmsen, Markus},
  year={2013},
  url={https://freidok.uni-freiburg.de/data/9410},
  school={Universit{\"a}t Freiburg}
}


@article{mao-2017-compr-study,
  author =       {Zirui Mao and G.R. Liu and Xiangwei Dong},
  title =        {A Comprehensive Study on the Parameters Setting in
                  Smoothed Particle Hydrodynamics (SPH) Method Applied
                  To Hydrodynamics Problems},
  journal =      {Computers and Geotechnics},
  volume =       92,
  number =       {nil},
  pages =        {77-95},
  year =         2017,
  doi =          {10.1016/j.compgeo.2017.07.024},
  url =          {https://doi.org/10.1016/j.compgeo.2017.07.024},
  DATE_ADDED =   {Thu Nov 30 14:23:11 2017},
}


@article{swegle-1995-smoot-partic,
  author =       {J.W. Swegle and D.L. Hicks and S.W. Attaway},
  title =        {Smoothed Particle Hydrodynamics Stability Analysis},
  journal =      {Journal of Computational Physics},
  volume =       116,
  number =       1,
  pages =        {123-134},
  year =         1995,
  doi =          {10.1006/jcph.1995.1010},
  url =          {https://doi.org/10.1006/jcph.1995.1010},
  DATE_ADDED =   {Thu Nov 30 18:53:15 2017},
}


@article{monaghan-1989-probl-penet,
  author =       {J.J. Monaghan},
  title =        {On the Problem of Penetration in Particle Methods},
  journal =      {Journal of Computational Physics},
  volume =       82,
  number =       1,
  pages =        {1-15},
  year =         1989,
  doi =          {10.1016/0021-9991(89)90032-6},
  url =          {https://doi.org/10.1016/0021-9991(89)90032-6},
  DATE_ADDED =   {Mon Dec 4 13:54:13 2017},
}


@book{bridson2015fluid,
  title={Fluid simulation for computer graphics},
  author={Bridson, Robert},
  year={2015},
  publisher={CRC Press}
}

@article{ihmsen-2014-implic-incom-sph,
  author =       {Markus Ihmsen and Jens Cornelis and Barbara
                  Solenthaler and Christopher Horvath and Matthias
                  Teschner},
  title =        {Implicit Incompressible Sph},
  journal =      {IEEE Transactions on Visualization and Computer
                  Graphics},
  volume =       20,
  number =       3,
  pages =        {426-435},
  year =         2014,
  doi =          {10.1109/tvcg.2013.105},
  url =          {https://doi.org/10.1109/tvcg.2013.105},
  DATE_ADDED =   {Wed Dec 6 13:27:29 2017},
}


@article{sampath-2016-large-scale,
  author =       {Ramprasad Sampath and Niels Montanari and Nadir
                  Akinci and Steven Prescott and Curtis Smith},
  title =        {Large-Scale Solitary Wave Simulation With Implicit
                  Incompressible Sph},
  journal =      {Journal of Ocean Engineering and Marine Energy},
  volume =       2,
  number =       3,
  pages =        {313-329},
  year =         2016,
  doi =          {10.1007/s40722-016-0060-8},
  url =          {https://doi.org/10.1007/s40722-016-0060-8},
  DATE_ADDED =   {Tue Jan 23 13:56:03 2018},
}


@article{violeau-2016-smoot-partic,
  author =       {Damien Violeau and Benedict D. Rogers},
  title =        {Smoothed Particle Hydrodynamics (SPH) for
                  Free-Surface Flows: Past, Present and Future},
  journal =      {Journal of Hydraulic Research},
  volume =       54,
  number =       1,
  pages =        {1-26},
  year =         2016,
  doi =          {10.1080/00221686.2015.1119209},
  url =          {https://doi.org/10.1080/00221686.2015.1119209},
  DATE_ADDED =   {Thu Mar 8 23:09:20 2018},
}



@article{wu-2016-coupl-sph,
  author =       {Ke Wu and Dongmin Yang and Nigel Wright},
  title =        {A Coupled Sph-Dem Model for Fluid-Structure
                  Interaction Problems With Free-Surface Flow and
                  Structural Failure},
  journal =      {Computers \& Structures},
  volume =       177,
  number =       {nil},
  pages =        {141-161},
  year =         2016,
  doi =          {10.1016/j.compstruc.2016.08.012},
  url =          {https://doi.org/10.1016/j.compstruc.2016.08.012},
  DATE_ADDED =   {Tue Mar 20 22:43:46 2018},
}


@article{tavarez-2007-discr-elemen,
  author =       {Federico A. Tavarez and Michael E. Plesha},
  title =        {Discrete Element Method for Modelling Solid and
                  Particulate Materials},
  journal =      {International Journal for Numerical Methods in
                  Engineering},
  volume =       70,
  number =       4,
  pages =        {379-404},
  year =         2007,
  doi =          {10.1002/nme.1881},
  url =          {https://doi.org/10.1002/nme.1881},
  DATE_ADDED =   {Wed Mar 21 11:47:18 2018},
}


@article{parshikov-2002-smoot-partic,
  author =       {Anatoly N. Parshikov and Stanislav A. Medin},
  title =        {Smoothed Particle Hydrodynamics Using Interparticle
                  Contact Algorithms},
  journal =      {Journal of Computational Physics},
  volume =       180,
  number =       1,
  pages =        {358-382},
  year =         2002,
  doi =          {10.1006/jcph.2002.7099},
  url =          {https://doi.org/10.1006/jcph.2002.7099},
  DATE_ADDED =   {Thu Mar 22 14:05:57 2018},
}


@phdthesis{fanfan-2013-thesis,
  title={Investigations of Smoothed Particle Hydrodynamics Method for
                  Fluid-Rigid Body Interactions},
  author={Fanfan Sun},
  year={2013},
  school={PhD thesis, UNIVERSITY OF SOUTHAMPTON, Faculty of
                  Engineering and the Environment, 2013. 4},
  url =          {https://eprints.soton.ac.uk/355957/1/ThesisFFSun.pdf},
  DATE_ADDED =   {Tue Mar 27 10:39:57 2018},
}


@article{huang-2012-coupl-discr,
  author =       {Yrj{\"o} Jun Huang and Ole J{\o}rgen Nydal},
  title =        {Coupling of Discrete-Element Method and Smoothed
                  Particle Hydrodynamics for Liquid-Solid Flows},
  journal =      {Theoretical and Applied Mechanics Letters},
  volume =       2,
  number =       1,
  pages =        012002,
  year =         2012,
  doi =          {10.1063/2.1201202},
  url =          {https://doi.org/10.1063/2.1201202},
  DATE_ADDED =   {Tue Mar 27 15:32:18 2018},
}


@article{lee-2012-fluid-struc,
  author =       {Ya-Jung Lee and Yu-Ti Jhan and Cheng-Hsien Chung},
  title =        {Fluid-Structure Interaction of Frp Wind Turbine Blades Under
                  Aerodynamic Effect},
  journal =      {Composites Part B: Engineering},
  volume =       43,
  number =       5,
  pages =        {2180-2191},
  year =         2012,
  doi =          {10.1016/j.compositesb.2012.02.026},
  url =          {https://doi.org/10.1016/j.compositesb.2012.02.026},
  DATE_ADDED =   {Mon Apr 9 18:04:38 2018},
}


@article{dubini-1995-fluid-struc,
  author =	 {G. Dubini and R. Pietrabissa and F.M. Montevecchi},
  title =	 {Fluid-Structure Interaction Problems in Bio-Fluid Mechanics: a
                  Numerical Study of the Motion of an Isolated Particle Freely
                  Suspended in Channel Flow},
  journal =	 {Medical Engineering \& Physics},
  volume =	 17,
  number =	 8,
  pages =	 {609-617},
  year =	 1995,
  doi =		 {10.1016/1350-4533(95)00019-j},
  url =		 {https://doi.org/10.1016/1350-4533(95)00019-j},
  DATE_ADDED =	 {Mon Apr 9 21:58:56 2018},
}


@article{thornton-2011-inves-compar,
  author =       {Colin Thornton and Sharen J. Cummins and Paul W. Cleary},
  title =        {An Investigation of the Comparative Behaviour of Alternative
                  Contact Force Models During Elastic Collisions},
  journal =      {Powder Technology},
  volume =       210,
  number =       3,
  pages =        {189-197},
  year =         2011,
  doi =          {10.1016/j.powtec.2011.01.013},
  url =          {https://doi.org/10.1016/j.powtec.2011.01.013},
  DATE_ADDED =   {Fri Apr 20 17:20:54 2018},
}


@Article{Zabulionis_2012,
  author       = {Zabulionis, D. and Kačianauskas, R. and Markauskas, D. and
                  Rojek, J.},
  title	       = {An investigation of nonlinear tangential contact behaviour of
                  a spherical particle under varying loading},
  year	       = 2012,
  volume       = 60,
  number       = 2,
  month	       = {Jan},
  issn	       = {0239-7528},
  doi	       = {10.2478/v10175-012-0036-3},
  url	       = {http://dx.doi.org/10.2478/v10175-012-0036-3},
  journal      = {Bulletin of the Polish Academy of Sciences: Technical
                  Sciences},
  publisher    = {Walter de Gruyter GmbH}
}

@Article{Riikil__2015,
author       = {Riikilä, T.I. and Tallinen, T. and Åström, J. and Timonen, J.},
title        = {A discrete-element model for viscoelastic deformation and
fracture of glacial ice},
year         = 2015,
volume       = 195,
month        = {Oct},
pages        = {14–22},
issn         = {0010-4655},
doi          = {10.1016/j.cpc.2015.04.009},
url          = {http://dx.doi.org/10.1016/j.cpc.2015.04.009},
journal      = {Computer Physics Communications},
publisher    = {Elsevier BV}
}

@article{brown2013discrete,
  title={Discrete element modelling of cementitious materials},
  author={Brown, Nicholas John},
  year={2013},
  publisher={The University of Edinburgh},
  url={https://www.era.lib.ed.ac.uk/bitstream/handle/1842/8011/Brown2013.pdf?sequence=2&isAllowed=y},
}

@Article{Marshall_2014,
  author       = {Marshall, Jeffrey S. and Li, Shuiqing},
  title	       = {Adhesive Particle Flows},
  year	       = 2014,
  doi	       = {10.1017/cbo9781139424547},
  url	       = {http://dx.doi.org/10.1017/cbo9781139424547},
  isbn	       = 9781139424547,
  publisher    = {Cambridge University Press}
}
@Article{Brown_2014,
  author       = {Brown, Nicholas J. and Chen, Jian-Fei and Ooi, Jin Y.},
  title        = {A bond model for DEM simulation of cementitious materials and
                  deformable structures},
  year         = 2014,
  volume       = 16,
  number       = 3,
  month        = {Apr},
  pages        = {299–311},
  issn         = {1434-7636},
  doi          = {10.1007/s10035-014-0494-4},
  url          = {http://dx.doi.org/10.1007/s10035-014-0494-4},
  journal      = {Granular Matter},
  publisher    = {Springer Nature}
}

@Article{Kuzkin_2012,
  author       = {Kuzkin, Vitaly A. and Asonov, Igor E.},
  title	       = {Vector-based model of elastic bonds for simulation of granular
                  solids},
  year	       = 2012,
  volume       = 86,
  number       = 5,
  month	       = {Nov},
  issn	       = {1550-2376},
  doi	       = {10.1103/physreve.86.051301},
  url	       = {http://dx.doi.org/10.1103/physreve.86.051301},
  journal      = {Physical Review E},
  publisher    = {American Physical Society (APS)}
}
@Article{Cundall_1979,
  author       = {Cundall, P. A. and Strack, O. D. L.},
  title	       = {A discrete numerical model for granular assemblies},
  year	       = 1979,
  volume       = 29,
  number       = 1,
  month	       = {Mar},
  pages	       = {47–65},
  issn	       = {1751-7656},
  doi	       = {10.1680/geot.1979.29.1.47},
  url	       = {http://dx.doi.org/10.1680/geot.1979.29.1.47},
  journal      = {Géotechnique},
  publisher    = {Thomas Telford Ltd.}
}

@Article{Potyondy_2004,
  author       = {Potyondy, D.O. and Cundall, P.A.},
  title	       = {A bonded-particle model for rock},
  year	       = 2004,
  volume       = 41,
  number       = 8,
  month	       = {Dec},
  pages	       = {1329–1364},
  issn	       = {1365-1609},
  doi	       = {10.1016/j.ijrmms.2004.09.011},
  url	       = {http://dx.doi.org/10.1016/j.ijrmms.2004.09.011},
  journal      = {International Journal of Rock Mechanics and Mining Sciences},
  publisher    = {Elsevier BV}
}
